@online{net-snmp.org,
	ALTauthor = {author},
	ALTeditor = {editor},
	title = {Net-SNMP},
	date = {20.08.2020},
	url = {http://www.net-snmp.org/},
}

@online{tut:snmp,
	ALTauthor = {author},
	ALTeditor = {editor},
	title = {TUT:SNMP},
	date = {04.11.2010},
	url = {http://www.net-snmp.org/wiki/index.php/TUT:SNMP/},
}
